@misc{El-Deeb_PEU-438_Assignments,
  author  = {El-Deeb, M.H.},
  license = {MIT},
  title   = {\href{https://github.com/mhdeeb/peu-438-latex}{PEU-438 Assignments}}
}